@book{jost,
    author = {Jost, JÃ¼rgen},
    title = {Riemannian Geometry and Geometric Analysis},
    publisher = {Springer},
    series={Universitext},
    year = {2017},
    edition = {7},
    doi={10.1007/978-3-319-61860-9}
}

@book{counter,
    author = {Arthur Steen, Lynn and Arthur Seebach, J.},
    title = {Counterexamples in Topology},
    publisher = {Springer New York, NY},
    year = {1978},
    edition={2},
    doi={10.1007/978-1-4612-6290-9}
}

@book{toenniessen,
    author = {Toenniessen, Fridtjof},
    title = {Topologie},
    publisher = {Springer Spektrum Berlin, Heidelberg},
    year = {2017},
    edition={1},
    doi={10.1007/978-3-662-54964-3}
}

@misc{wiki,
    title={ProofWiki},
    url={https://proofwiki.org/wiki/First-Countable_Space_is_Hausdorff_iff_All_Convergent_Sequences_have_Unique_Limit},
    note = {Online accessed on 03/12/2024}
}